<?xml version="1.0" encoding="UTF-8"?><collection xmlns="http://www.loc.gov/MARC21/slim"><record><leader>00471nam--2200193-i-4500</leader><controlfield tag="001">000043134</controlfield><controlfield tag="002">20161230</controlfield><controlfield tag="005">20161230201043</controlfield><controlfield tag="008">060222s1000------------r-----000-0-rus-d</controlfield><datafield ind1=" " ind2=" " tag="040"><subfield code="a">IFIN-HH</subfield></datafield><datafield ind1=" " ind2=" " tag="041"><subfield code="a">rus</subfield></datafield><datafield ind1=" " ind2=" " tag="080"><subfield code="a">537.86</subfield></datafield><datafield ind1="1" ind2=" " tag="100"><subfield code="a">Fayn, B.M</subfield></datafield><datafield ind1="1" ind2="0" tag="245"><subfield code="a">Kvantovaya radiofizika</subfield><subfield code="c">B.m. fayn; ya.i. khanin</subfield></datafield><datafield ind1=" " ind2=" " tag="260"><subfield code="a">Moskva</subfield><subfield code="b">Sovetscoe Radio</subfield><subfield code="c">1965</subfield></datafield><datafield ind1=" " ind2=" " tag="300"><subfield code="a">606P</subfield></datafield><datafield ind1="1" ind2=" " tag="700"><subfield code="a">Khanin, Ya.I</subfield></datafield><datafield ind1=" " ind2=" " tag="852"><subfield code="a">76548</subfield><subfield code="c">537:538</subfield></datafield><datafield ind1=" " ind2=" " tag="CAT"><subfield code="a">Sys</subfield><subfield code="c">20110629</subfield><subfield code="h">095626</subfield></datafield></record></collection>